<?xml version="1.0" encoding="UTF-8"?><collection xmlns="http://www.loc.gov/MARC21/slim"><record><leader>00331nam--2200121-i-4500</leader><controlfield tag="001">000022277</controlfield><controlfield tag="002">20161230</controlfield><controlfield tag="005">20161230201034</controlfield><controlfield tag="008">060222s1000------------r-----000-0-eng-d</controlfield><datafield ind1=" " ind2=" " tag="100"><subfield code="a">Heise, Ruth</subfield></datafield><datafield ind1=" " ind2=" " tag="245"><subfield code="a">Elementare einfuhrung in die kinetische gastheorie</subfield></datafield><datafield ind1=" " ind2=" " tag="260"><subfield code="a">Leipzig, Teubner Verlagsgesellschaft, 1963. 131 P</subfield></datafield><datafield ind1=" " ind2=" " tag="852"><subfield code="a">9510</subfield></datafield></record></collection>